<record><leader>00000cas a22000007a 4500</leader><controlfield tag="001">11140174</controlfield><controlfield tag="008">840911d18891894ohuir ne      0    0eng d</controlfield><datafield ind1=" " ind2=" " tag="010"><subfield code="a">sn 84028533 </subfield></datafield><datafield ind1=" " ind2=" " tag="040"><subfield code="a">NPY</subfield><subfield code="b">eng</subfield><subfield code="c">NPY</subfield><subfield code="d">ONP</subfield><subfield code="d">OCLCQ</subfield></datafield><datafield ind1=" " ind2=" " tag="042"><subfield code="a">msc</subfield></datafield><datafield ind1="0" ind2="0" tag="245"><subfield code="a">Marietta tri-weekly register.</subfield></datafield><datafield ind1=" " ind2=" " tag="260"><subfield code="a">Marietta, Ohio :</subfield><subfield code="b">E.R. Alderman &amp; Sons,</subfield><subfield code="c">1889-1894.</subfield></datafield><datafield ind1=" " ind2=" " tag="300"><subfield code="a">v. :</subfield><subfield code="b">ill. (chiefly advertisements) ;</subfield><subfield code="c">56 cm.</subfield></datafield><datafield ind1=" " ind2=" " tag="310"><subfield code="a">Triweekly</subfield></datafield><datafield ind1="0" ind2=" " tag="362"><subfield code="a">Vol. 1, no. 1 (Oct. 19, 1889)-v. 32, no. 67 (June 5, 1894).</subfield></datafield><datafield ind1=" " ind2=" " tag="500"><subfield code="a">"Republican." Cf. Gutgesell, S. Guide to Ohio newspapers, 1974.</subfield></datafield><datafield ind1=" " ind2=" " tag="580"><subfield code="a">Weekly ed.: Marietta register (Marietta, Ohio : 1862).</subfield></datafield><datafield ind1="1" ind2=" " tag="700"><subfield code="a">Alderman, Eli Reynolds,</subfield><subfield code="d">1839-1901.</subfield></datafield><datafield ind1=" " ind2=" " tag="752"><subfield code="a">United States</subfield><subfield code="b">Ohio</subfield><subfield code="c">Washington</subfield><subfield code="d">Marietta.</subfield></datafield><datafield ind1="1" ind2=" " tag="775"><subfield code="t">Marietta register (Marietta, Ohio : 1862)</subfield><subfield code="w">(DLC)sn 84028530</subfield></datafield><datafield ind1="0" ind2="0" tag="785"><subfield code="t">Daily register (Marietta, Ohio)</subfield><subfield code="w">(DLC)sn 84028534</subfield></datafield><datafield ind1="1" ind2=" " tag="029"><subfield code="a">AU@</subfield><subfield code="b">000025795895</subfield></datafield></record>